@book{mccann2002industrial,
  title={Industrial location economics},
  author={McCann, Philip},
  year={2002},
  publisher={Edward Elgar Publishing}
}

@article{pedregosa2011scikit,
  title={Scikit-learn: Machine learning in Python},
  author={Pedregosa, Fabian and Varoquaux, Ga{\"e}l and Gramfort, Alexandre and Michel, Vincent and Thirion, Bertrand and Grisel, Olivier and Blondel, Mathieu and Prettenhofer, Peter and Weiss, Ron and Dubourg, Vincent and others},
  journal={The Journal of Machine Learning Research},
  volume={12},
  pages={2825--2830},
  year={2011},
  publisher={JMLR. org}
}

@book{porter1998clusters,
  title={Clusters and the new economics of competition},
  author={Porter, Michael E},
  volume={76},
  number={6},
  year={1998},
  publisher={Harvard Business Review Boston}
}

@article{schmitz1999global,
  title={Global competition and local cooperation: success and failure in the Sinos Valley, Brazil},
  author={Schmitz, Hubert},
  journal={World development},
  volume={27},
  number={9},
  pages={1627--1650},
  year={1999},
  publisher={Elsevier}
}